@article{Kitaura1981,
author = {Kitaura, Kazuo and Obara, Shigeru and Morokuma, Keiji},
doi = {10.1021/ja00400a079},
issn = {15205126},
journal = {J. Am. Chem. Soc.},
number = {10},
pages = {2891--2892},
title = {{Transition State of Oxidative Addition Reaction: Pt(PH3)2 + H2 â†’ Pt(H)2(PH3)2}},
volume = {103},
year = {1981},
keyword = {Pt}
}

@article{Goddard1984,
	author = {John J. Low and William A. Goddard III},
	doi = {10.1021/ja00335a010},
	journal = {J. Am. Chem. Soc.},
	file = {:E$\backslash$:/TCCNotes/ICC/1030/Elimination et al. - 1984 - of Addition.pdf:pdf},
	number = {21},
	pages = {6928--6937},
	title = {{of Addition}},
	volume = {2},
	year = {1984}
}
