@article{Dapprich1995,
author = {Dapprich, Stefan and Frenking, Gernot},
doi = {10.1021/j100023a009},
file = {:E$\backslash$:/2019fall/ICC/1127/Dapprich, Frenking - 1995 - Investigation of donor-acceptor interactions A charge decomposition analysis using fragment molecular orbita.pdf:pdf},
issn = {00223654},
journal = {J. Phys. Chem.},
number = {23},
pages = {9352--9362},
title = {{Investigation of donor-acceptor interactions: A charge decomposition analysis using fragment molecular orbitals}},
volume = {99},
year = {1995}
}

@article{2015,
	author = {Xiao, Meng and Lu, Tian},
	doi = {10.12677/japc.2015.44013},
	file = {:E$\backslash$:/2019fall/ICC/1127/GCDA.pdf:pdf},
	issn = {2168-6122},
	journal = {J. Adv. Phys. Chem.},
	number = {04},
	pages = {111--124},
	title = {{Generalized Charge Decomposition Analysis (GCDA) Method}},
	volume = {04},
	year = {2015}
}
