@article{Dapprich1995,
author = {Dapprich, Stefan and Frenking, Gernot},
doi = {10.1021/j100023a009},
file = {:E$\backslash$:/2019fall/ICC/1127/Dapprich, Frenking - 1995 - Investigation of donor-acceptor interactions A charge decomposition analysis using fragment molecular orbita.pdf:pdf},
issn = {00223654},
journal = {J. Phys. Chem.},
number = {23},
pages = {9352--9362},
title = {{Investigation of donor-acceptor interactions: A charge decomposition analysis using fragment molecular orbitals}},
volume = {99},
year = {1995}
}

@article{Hoidn,
	author = {Hoidn, Christian M. and Leitl, Julia and Ziegler, Christoph G. P. and Shenderovich, Ilya G. and Wolf, Robert},
	title = {Halide-Substituted Phosphacyclohexadienyl Iron Complexes: Covalent Structures vs. Ion Pairs},
	journal = {Eur. J. Inorg. Chem.},
	
	volume = {2019},
	number = {11-12},
	pages = {1567-1574},
	keywords = {Heterocycles, Iron, Phosphinine, Sandwich complexes, Structure elucidation},
	doi = {10.1002/ejic.201801135},
	url = {https://onlinelibrary.wiley.com/doi/abs/10.1002/ejic.201801135},
	eprint = {https://onlinelibrary.wiley.com/doi/pdf/10.1002/ejic.201801135},
	year = {2019}
}



@article{Leitl,
	author = {Leitl, Julia and Marquardt, Michael and Coburger, Peter and Scott, Daniel J. and Streitferdt, Verena and Gschwind, Ruth M. and Müller, Christian and Wolf, Robert},
	title = {Facile C=O Bond Splitting of Carbon Dioxide Induced by Metal–Ligand Cooperativity in a Phosphinine Iron(0) Complex},
	journal = {Angew. Chem. Int. Ed.},
	volume = {58},
	number = {43},
	pages = {15407-15411},
	keywords = {CO2 fixation, cooperative effects, iron, P,N ligands, phosphinine},
	doi = {10.1002/anie.201909240},
	url = {https://onlinelibrary.wiley.com/doi/abs/10.1002/anie.201909240},
	eprint = {https://onlinelibrary.wiley.com/doi/pdf/10.1002/anie.201909240},
	year = {2019}
}

@article{bianchini1984bifunctional,
	title={Bifunctional activation of carbon dioxide: a case where the basic and acidic sites are not held in the same structure},
	author={Bianchini, Claudio and Meli, Andrea},
	journal={J. Am. Chem. Soc.},
	volume={106},
	number={9},
	pages={2698--2699},
	year={1984},
	publisher={ACS Publications}
}

@article{sahoo2018direct,
	title={Direct CO2 addition to a Ni (0)--CO species allows the selective generation of a Nickel (II) carboxylate with expulsion of CO},
	author={Sahoo, Dipankar and Yoo, Changho and Lee, Yunho},
	journal={J. Am. Chem. Soc.},
	volume={140},
	number={6},
	pages={2179--2185},
	year={2018},
	publisher={ACS Publications}
}

@article{yoo2018selective,
	title={Selective transformation of CO2 to CO at a single nickel center},
	author={Yoo, Changho and Kim, Yeong-Eun and Lee, Yunho},
	journal={Acc. Chem. Res.},
	volume={51},
	number={5},
	pages={1144--1152},
	year={2018},
	publisher={ACS Publications}
}

@article{laitar2005efficient,
	title={Efficient homogeneous catalysis in the reduction of CO2 to CO},
	author={Laitar, David S and M{\"u}ller, Peter and Sadighi, Joseph P},
	journal={J. Am. Chem. Soc.},
	volume={127},
	number={49},
	pages={17196--17197},
	year={2005},
	publisher={ACS Publications}
}

@article{sadique2008reduction,
	title={Reduction of CO2 to CO using low-coordinate iron: formation of a four-coordinate iron dicarbonyl complex and a bridging carbonate complex},
	author={Sadique, Azwana R and Brennessel, William W and Holland, Patrick L},
	journal={Inorg. Chem.},
	volume={47},
	number={3},
	pages={784--786},
	year={2008},
	publisher={ACS Publications}
}

@article{oren2018metal,
	title={Metal--Ligand Cooperation as Key in Formation of Dearomatized NiII--H Pincer Complexes and in Their Reactivity toward CO and CO2},
	author={Oren, Dror and Diskin-Posner, Yael and Avram, Liat and Feller, Moran and Milstein, David},
	journal={Organometallics},
	volume={37},
	number={14},
	pages={2217--2221},
	year={2018},
	publisher={ACS Publications}
}

